@misc{engel2020ddspdifferentiabledigitalsignal,
      title={DDSP: Differentiable Digital Signal Processing}, 
      author={Jesse Engel and Lamtharn Hantrakul and Chenjie Gu and Adam Roberts},
      year={2020},
      eprint={2001.04643},
      archivePrefix={arXiv},
      primaryClass={cs.LG},
      url={https://arxiv.org/abs/2001.04643}, 
}

@misc{simionato2024comparativestudystatebasedneural,
      title={Comparative Study of State-based Neural Networks for Virtual Analog Audio Effects Modeling}, 
      author={Riccardo Simionato and Stefano Fasciani},
      year={2024},
      eprint={2405.04124},
      archivePrefix={arXiv},
      primaryClass={cs.SD},
      url={https://arxiv.org/abs/2405.04124}, 
}


@misc{oord2016wavenetgenerativemodelraw,
      title={WaveNet: A Generative Model for Raw Audio}, 
      author={Aaron van den Oord and Sander Dieleman and Heiga Zen and Karen Simonyan and Oriol Vinyals and Alex Graves and Nal Kalchbrenner and Andrew Senior and Koray Kavukcuoglu},
      year={2016},
      eprint={1609.03499},
      archivePrefix={arXiv},
      primaryClass={cs.SD},
      url={https://arxiv.org/abs/1609.03499}, 
}


@misc{lea2016temporalconvolutionalnetworksaction,
      title={Temporal Convolutional Networks for Action Segmentation and Detection}, 
      author={Colin Lea and Michael D. Flynn and Rene Vidal and Austin Reiter and Gregory D. Hager},
      year={2016},
      eprint={1611.05267},
      archivePrefix={arXiv},
      primaryClass={cs.CV},
      url={https://arxiv.org/abs/1611.05267}, 
}

@misc{vaswani2023attentionneed,
      title={Attention Is All You Need}, 
      author={Ashish Vaswani and Noam Shazeer and Niki Parmar and Jakob Uszkoreit and Llion Jones and Aidan N. Gomez and Lukasz Kaiser and Illia Polosukhin},
      year={2023},
      eprint={1706.03762},
      archivePrefix={arXiv},
      primaryClass={cs.CL},
      url={https://arxiv.org/abs/1706.03762}, 
}